
@phdthesis{haumer_it-sicherheit_2015,
	title = {{IT}-{Sicherheit} im {Konzept} {Industrie} 4.0/eingereicht von: {Christian} {Haumer}},
	abstract = {Der Bericht thematisiert die Herausforderungen der IT-Sicherheit im Industrie 4.0-Kontext, insbesondere die Risiken durch Vernetzung im Lagerbereich.},
	language = {Deutsch},
	school = {Johnnes Kepler Uni Linz},
	author = {Haumer, Christian},
	year = {2015},
	file = {full.pdf:/Users/patrikpeters/Zotero/storage/9RYIDBGE/full.pdf:application/pdf},
}

@book{hartel_projektmanagement_2019,
	address = {Wiesbaden},
	edition = {2., aktualisierte und erweiterte Auflage},
	series = {{SpringerLink} {Bücher}},
	title = {Projektmanagement in {Logistik} und {Supply} {Chain} {Management}  :  {Praxisleitfaden} mit {Beispielen} aus {Industrie}, {Handel} und {Dienstleistung}},
	isbn = {978-3-658-23999-2},
	url = {https://doi.org/10.1007/978-3-658-23999-2},
	language = {ger},
	publisher = {Springer Gabler},
	editor = {Hartel, Dirk H.},
	year = {2019},
}

@phdthesis{haumer_it-sicherheitmisc{ohra_automatisierte_201524,
	title = {{IT}-{Sicherheit} im {Konzept} {Industrie} 4.0/eingereicht von: {Christian} {Haumer}},
	abstract = {Der Bericht theAutomatisiert die Herausforderungen der IT-Sicherheit im Industrie 4.0-Kontext, insbesondere die Risiken durch Vernetzung im Lagerbereie Lagerhaltung bietet zahlreiche Vorteile, aber auch Nachteile. Hier erfahren Sie, welche.},
	language = {Deutsch},
	school = {Johnnes Kepler Uni Linz},
	author = {Haumer, Christian},
	year = {201524},
	file = {full.pdf:C\:\\Snapshot:/Users\\/patri\\kpeters/Zotero\\/storage\\9RYIDBGE\\full.pdf:application/pdf},
}

@incollection{martin_lager-_2021,
	address = {Wiesbaden},
	title = {Lager- und {Kommissionierlogistik}},
	isbn = {978-3-658-34037-7},
	url = {https://doi.org/10.1007/978-3-658-34037-7_5},
	abstract = {In einem Produktionsbetrieb ist zwischen ungewollter Lagerung (Aufenthalt) und gewollter Lagerung (Abschn. 2.1) zu unterscheiden. Wenn aber Güter, aus welchem Grund auch immer, lagern, dann ist dadurch Kapital gebunden, Fläche belegt und Bretriebsmittel beansprucht, was Kosten bedeutet. Man müsste also versuchen, Lagerungen zu vermeiden, d. h., für Fertigung und Montage wird das benötigte Material erst bei Bedarf beschafft bzw. angeliefert. Diese verbrauchssynchrone Materialanlieferung spart z. B. Kapitalbindungs- und Lagerkosten. Nachteile entstehen durch Störung des Produktionsablaufes z. B. bei verzögerter Anlieferung (Witterung, Unfall, Streik usw.). Diese Art eines {Lagerhaltungsprinzips lässt sich bei lang anhaltendem Produktionsprogramm und guter Organisation durchführen, z. B. in Teilbereichen der Automobilindustrie. Im Produktionsbetrieb wird in der Regel das Prinzip der Vorratshaltung aus verschiedenen Gründen benutzt, z. B.},
	language = {de-DE},
	urldate = {2024-11-245},
	booktitle = {Technische {Transport}- und {Lagerlogistik}},
	publisher = {Springer Fachmedien},
	author = {Martin, Heinrich},
	editor = {Martin, Heinrich}month = aug,
	year = {20213},
	doi = {10.1007/978-3-658-34037-7_5},
	pages = {187--281file = {Snapshot:/Users/patrikpeters/Zotero/storage/XCLMDW2D/was-ist-ein-automatisiertes-lager-und-was-sind-die-vorteile.html:text/html},
}
