
@thesis{haumer_it-sicherheit_2015,
	title = {{IT}-Sicherheit im Konzept Industrie 4.0/eingereicht von: Christian Haumer},
	abstract = {Der Bericht thematisiert die Herausforderungen der {IT}-Sicherheit im Industrie 4.0-Kontext, insbesondere die Risiken durch Vernetzung im Lagerbereich.},
	pagetotal = {92},
	institution = {Johnnes Kepler Uni Linz},
	type = {phdthesis},
	author = {Haumer, Christian},
	date = {2015},
	file = {full.pdf:/Users/patrikpeters/Zotero/storage/9RYIDBGE/full.pdf:application/pdf},
}

@book{hartel_projektmanagement_2019,
	location = {Wiesbaden},
	edition = {2., aktualisierte und erweiterte Auflage},
	title = {Projektmanagement in Logistik und Supply Chain Management  :  Praxisleitfaden mit Beispielen aus Industrie, Handel und Dienstleistung},
	isbn = {978-3-658-23999-2},
	url = {https://doi.org/10.1007/978-3-658-23999-2},
	series = {{SpringerLink} Bücher},
	publisher = {Springer Gabler},
	editorb = {Hartel, Dirk H.},
	editorbtype = {redactor},
	date = {2019},
}

@online{ohra_automatisierte_2024,
	title = {Automatisierte Lagerhaltung – Vorteile und Nachteile},
	url = {https://www.ohra.de/aktuelles/news-detailseite/automatisierte-lagerhaltung-vorteile-und-nachteile},
	abstract = {Automatisierte Lagerhaltung bietet zahlreiche Vorteile, aber auch Nachteile. Hier erfahren Sie, welche.},
	author = {{OHRA}},
	urldate = {2024-11-25},
	date = {2024-11-21},
	langid = {german},
	file = {Snapshot:/Users/patrikpeters/Zotero/storage/Z3DSANYV/automatisierte-lagerhaltung-vorteile-und-nachteile.html:text/html},
}

@online{noauthor_logistics_2024,
	title = {Logistics reaching clouds – automated high-bay warehouse - {AIUT}},
	url = {https://aiut.com/en/blog/automated-high-bay-warehouse/},
	abstract = {Logistics reaching clouds – automated high-bay warehouse From this article, you will learn: what does warehouse automation entail? how do automated high-bay warehouses work? why is investing in automated storage and retrieval systems worthwhile? what technologies are},
	urldate = {2024-11-25},
	date = {2024-02-01},
	langid = {american},
	file = {Snapshot:/Users/patrikpeters/Zotero/storage/A6XKFI3A/automated-high-bay-warehouse.html:text/html},
}

@online{ludwiniak_automatisches_2023,
	title = {Automatisches Lager – was ist das und welche Vorteile hat es? {\textbar} Knauf},
	url = {https://knaufautomotive.com/de/was-ist-ein-automatisiertes-lager-und-was-sind-die-vorteile/},
	shorttitle = {Automatisches Lager – was ist das und welche Vorteile hat es?},
	abstract = {Die Automatisierung intralogistischer Prozesse wird für immer mehr Unternehmen zur täglichen Realität.},
	titleaddon = {Knauf Industries Automotive},
	author = {Ludwiniak, Agnieszka},
	urldate = {2024-11-25},
	date = {2023-08-03},
	langid = {german},
	file = {Snapshot:/Users/patrikpeters/Zotero/storage/XCLMDW2D/was-ist-ein-automatisiertes-lager-und-was-sind-die-vorteile.html:text/html},
}
