
@book{martin_technische_2021,
	location = {Wiesbaden},
	title = {Technische Transport- und Lagerlogistik},
	rights = {https://www.springer.com/tdm},
	isbn = {978-3-658-34036-0 978-3-658-34037-7},
	url = {https://link.springer.com/10.1007/978-3-658-34037-7},
	publisher = {Springer Fachmedien},
	author = {Martin, Heinrich},
	urldate = {2024-11-26},
	date = {2021},
	langid = {german},
	doi = {10.1007/978-3-658-34037-7},
	keywords = {{ADLZ}, Beschaffung, Datenfluss, Distributionslogistik, Entsorgung, G체terfluss, Intralogistik, Ladeeinheit, Ladehilfsmittel, Logistikkennzahlen, Materialfluss, Materialflussform, Mehrwegbeh채lter, Palettierung, Sch체ttgut, St체ckguttransport, Unternehmenslogistik, Verpackungstechnik, Wechselcontainer, Wertstromdesign},
	file = {Full Text PDF:/Users/sg99/Zotero/storage/BJGE3DGZ/Martin - 2021 - Technische Transport- und Lagerlogistik.pdf:application/pdf},
}
