
@incollection{martin_lager-_2021,
	address = {Wiesbaden},
	title = {Lager- und {Kommissionierlogistik}},
	isbn = {978-3-658-34037-7},
	url = {https://doi.org/10.1007/978-3-658-34037-7_5},
	abstract = {In einem Produktionsbetrieb ist zwischen ungewollter Lagerung (Aufenthalt) und gewollter Lagerung (Abschn. 2.1) zu unterscheiden. Wenn aber Güter, aus welchem Grund auch immer, lagern, dann ist dadurch Kapital gebunden, Fläche belegt und Betriebsmittel beansprucht, was Kosten bedeutet. Man müsste also versuchen, Lagerungen zu vermeiden, d. h., für Fertigung und Montage wird das benötigte Material erst bei Bedarf beschafft bzw. angeliefert. Diese verbrauchssynchrone Materialanlieferung spart z. B. Kapitalbindungs- und Lagerkosten. Nachteile entstehen durch Störung des Produktionsablaufes z. B. bei verzögerter Anlieferung (Witterung, Unfall, Streik usw.). Diese Art eines Lagerhaltungsprinzips lässt sich bei lang anhaltendem Produktionsprogramm und guter Organisation durchführen, z. B. in Teilbereichen der Automobilindustrie. Im Produktionsbetrieb wird in der Regel das Prinzip der Vorratshaltung aus verschiedenen Gründen benutzt, z. B.},
	language = {de},
	urldate = {2024-11-24},
	booktitle = {Technische {Transport}- und {Lagerlogistik}},
	publisher = {Springer Fachmedien},
	author = {Martin, Heinrich},
	editor = {Martin, Heinrich},
	year = {2021},
	doi = {10.1007/978-3-658-34037-7_5},
	pages = {187--281},
}
