@book{frazelle2002,
	author    = {Frazelle, Edward},
	title     = {World-Class Warehousing and Material Handling},
	year      = {2002},
	publisher = {McGraw-Hill},
}

@article{kelle2019safety,
	author = {Kelle, P. and Fuchs, A.},
	title = {Safety in Automated Warehousing},
	journal = {International Journal of Production Research},
	year = {2019}
}

@article{Gunasekaran2015,
  	author    = {A. Gunasekaran and others},
  	title     = {Big Data in Operations and Supply Chain Management: Facts and Future Directions},
  	journal   = {International Journal of Production Economics},
  	year      = {2015},
  }
  
  
@article{mueller2023,
	author    = {Müller, A.},
	title     = {Wirtschaftlichkeit von automatisierten Lagerlösungen},
	journal   = {Wirtschaftsforum für Logistik},
	year      = {2023},
}

@book{duerr2021,
	author    = {Dürr, M. and others},
	title     = {Automatisierung in der Logistik: Grundlagen, Konzepte und Anwendungen},
	year      = {2021},
	publisher = {Hanser Verlag},
	address   = {München},
}

@phdthesis{fahl2016,
	title = {Stand der Technik und Ausblick der Automatisierungstechnik für den diskontinuerlichen Transport Untertage-Projektarbeit},
	abstract = { Diskussion über die Arbeitssicherheit in automatisierten Umgebungen und mögliche Gefahren bei Fehlfunktionen der Automatisierungstechnologien.},
	language = {Deutsch},
	school = {RETH AAchen},
	author = {Sandra Katharina Fahl},
	year = {2016},
}

@book{schmitz1994,
	author    = {Matthias Schmitz},
	title     = {Flexibel automatisierte Fertigungssysteme},
	year      = {1994},
	publisher = {Deutscher Universitätsverlag Wiesbaden},
	address   = {Wiesbaden},
}

@online{Springer_2024,
	title = {Logistics reaching clouds – automated high-bay warehouse - {AIUT}},
	url = {https://aiut.com/en/blog/automated-high-bay-warehouse/https://www.modula.eu/de/blog/die-modula-wms-software-die-loesung-fur-ein-leistungsfaehiges-und-zukunftsorientiertes-lager/},
	abstract = {Die Modula WMS-Software: Die Lösung für ein leistungsfähiges und zukunftsorientiertes Lager},
	author = {modula},
	urldate = {2024-12-04},
}





